<record><leader>00000cas a22000007a 4500</leader><controlfield tag="001">17502304</controlfield><controlfield tag="008">880219d185318uulauwr ne      0   a0eng d</controlfield><datafield ind1=" " ind2=" " tag="010"><subfield code="a">sn 88064150 </subfield></datafield><datafield ind1=" " ind2=" " tag="040"><subfield code="a">LNP</subfield><subfield code="b">eng</subfield><subfield code="c">LNP</subfield><subfield code="d">OCLCQ</subfield><subfield code="d">DLC</subfield><subfield code="d">OCLCF</subfield></datafield><datafield ind1="0" ind2=" " tag="022"><subfield code="a">2381-5159</subfield><subfield code="2">1</subfield></datafield><datafield ind1=" " ind2=" " tag="042"><subfield code="a">msc</subfield><subfield code="a">nsdp</subfield></datafield><datafield ind1=" " ind2=" " tag="043"><subfield code="a">n-us-la</subfield></datafield><datafield ind1="0" ind2=" " tag="130"><subfield code="a">Independent (Harrisonburg, La.)</subfield></datafield><datafield ind1=" " ind2="4" tag="222"><subfield code="a">The independent</subfield><subfield code="b">(Harrisonburg, La. Print)</subfield></datafield><datafield ind1="1" ind2="4" tag="245"><subfield code="a">The independent.</subfield></datafield><datafield ind1="1" ind2="3" tag="246"><subfield code="a">Harrisonburg independent</subfield></datafield><datafield ind1=" " ind2=" " tag="260"><subfield code="a">Harrisonburg, La. :</subfield><subfield code="b">W.A. Bryan</subfield></datafield><datafield ind1=" " ind2=" " tag="310"><subfield code="a">Weekly</subfield></datafield><datafield ind1="1" ind2=" " tag="362"><subfield code="a">Began in 1853?</subfield></datafield><datafield ind1=" " ind2=" " tag="530"><subfield code="a">Archived issues are available in digital format from the Library of Congress Chronicling America online collection.</subfield></datafield><datafield ind1=" " ind2=" " tag="588"><subfield code="a">Description based on: Vol. 1, no. 10 (Nov. 9, 1853).</subfield></datafield><datafield ind1=" " ind2="0" tag="651"><subfield code="a">Harrisonburg (La.)</subfield><subfield code="v">Newspapers.</subfield></datafield><datafield ind1=" " ind2="7" tag="655"><subfield code="a">Newspapers.</subfield><subfield code="2">fast</subfield><subfield code="0">(OCoLC)fst01423814</subfield></datafield><datafield ind1=" " ind2="7" tag="651"><subfield code="a">Louisiana</subfield><subfield code="z">Harrisonburg.</subfield><subfield code="2">fast</subfield><subfield code="0">(OCoLC)fst01880121</subfield></datafield><datafield ind1=" " ind2=" " tag="752"><subfield code="a">United States</subfield><subfield code="b">Louisiana</subfield><subfield code="c">Catahoula</subfield><subfield code="d">Harrisonburg.</subfield></datafield><datafield ind1="0" ind2="8" tag="776"><subfield code="i">Online version:</subfield><subfield code="t">Independent (Harrisonburg, La.)</subfield><subfield code="x">2381-5167</subfield><subfield code="w">(DLC)  2015270558</subfield><subfield code="w">(OCoLC)925782905</subfield></datafield><datafield ind1="0" ind2="0" tag="785"><subfield code="t">Catahoula news</subfield><subfield code="w">(DLC)sn 86053690</subfield></datafield><datafield ind1="4" ind2="1" tag="856"><subfield code="u">http://www.loc.gov/chroniclingamerica/lccn/sn88064150/issues</subfield></datafield></record>